% Graphics Pipeline
@misc{Graphics-openGL,
  author = "Joe Groff",
  title = "An intro to modern OpenGL",
  howpublished = "\url{https://duriansoftware.com/joe/an-intro-to-modern-opengl.-table-of-contents}"
}

% Graphics programming
@misc{Graphics-programming,
  author = "Ian Dunn and ZoÃ« Wood",
  title = "Graphics Programming Compendium",
  howpublished = "\url{https://graphicscompendium.com/index.html}"
}

% Three.js
@misc{Three-js,
  author = "Three.js Team",
  title = "Three.js Docs",
  howpublished = "\url{https://threejs.org/docs/}"
}